@BOOK{Figueredo:2009dg,
  AUTHOR       = "Figueredo and Wolf",
  TITLE        = "{R}ealigning {R}esearch and {P}ractice in {I}nformation {S}ystems
                 {D}evelopment: {T}he {S}ocial and {O}rganizational {P}erspective",
  PUBLISHER    = "Kluwer Academic Press",
  YEAR         = "2001",
  ADDRESS      = "Boston",
  NOTE         = "an optional note"
}

@misc{bworld,
  author = {Ingo Luetkebohle},
  title = {{BWorld Robot Control Software}},
  howpublished = "\url{http://aiweb.techfak.uni-bielefeld.de/content/bworld-robot-control-software/}",
  year = {2008}, 
  note = "[Online; accessed 19-July-2008]"
}