@BOOK{Figueredo:2009dg,
  AUTHOR       = "Figueredo and Wolf",
  TITLE        = "{R}ealigning {R}esearch and {P}ractice in {I}nformation {S}ystems
                 {D}evelopment: {T}he {S}ocial and {O}rganizational {P}erspective",
  PUBLISHER    = "Kluwer Academic Press",
  YEAR         = "2001",
  ADDRESS      = "Boston",
  NOTE         = "an optional note"
}

@misc{bworld,
  author = {Ingo Luetkebohle},
  title = {{BWorld Robot Control Software}},
  howpublished = "\url{http://aiweb.techfak.uni-bielefeld.de/content/bworld-robot-control-software/}",
  year = {2008}, 
  note = "[Online; accessed 19-July-2008]"
}

@misc{scrum:guide,
   author = "Jeff Sutherland and Ken Schwaber",
   title = "Scrum",
   year = "2014",
   howpublished = "\url{http://www.scrumguides.org}",
   note = "[Online; accessed 12-February-2016]"
}

@misc{wiki:definedprocess,
   author = "Wikipedia",
   title = "Defined process --- Wikipedia{,} The Free Encyclopedia",
   year = "2015",
   howpublished = "\url{https://en.wikipedia.org/w/index.php?title=Defined_process&oldid=691442593}",
   note = "[Online; accessed 11-February-2016]"
 }

@misc{wiki:empiricalprocess,
  author = {Wikipedia},
  title = {Empirical process (process control model) --- Wikipedia{,} The Free Encyclopedia},
	year = "2016",
   howpublished = "\url{https://en.wikipedia.org/w/index.php?title=Empirical_process_(process_control_model)&oldid=700764589}",
  note = "[Online; accessed 11-February-2016]"
}

@misc{wiki:tshaped,
   author = "Wikipedia",
   title = "T-shaped skills --- Wikipedia{,} The Free Encyclopedia",
   year = "2015",
   howpublished = "\url{https://en.wikipedia.org/w/index.php?title=T-shaped_skills&oldid=649138181}",
   note = "[Online; accessed 12-February-2016]"
 }

@misc{quora:sutherland,
   author = "Jeff Sutherland",
   title = "Jeff Sutherlands Answers on Quora",
   year = "2016",
   howpublished = "\url{https://www.quora.com/profile/Jeff-Sutherland-1}",
   note = "[Online]"
 }




